<?xml version="1.0" encoding="UTF-8"?><collection xmlns="http://www.loc.gov/MARC21/slim"><record><leader>00450nam--2200145-i-4500</leader><controlfield tag="001">000032253</controlfield><controlfield tag="002">20161230</controlfield><controlfield tag="005">20170127202312</controlfield><controlfield tag="008">060222s1000------------r-----000-0-eng-d</controlfield><datafield ind1=" " ind2=" " tag="245"><subfield code="a">Untersuchungen Uber Die Polymerisation Des Leinols In Gegenwart Von Verschiedenen Katalysatoren</subfield><subfield code="b">Teza De Doctorat</subfield></datafield><datafield ind1=" " ind2=" " tag="260"><subfield code="a">Stuttgart</subfield><subfield code="b">Technische Hochschuke</subfield><subfield code="c">1961</subfield></datafield><datafield ind1=" " ind2=" " tag="300"><subfield code="a">95 p</subfield></datafield><datafield ind1=" " ind2=" " tag="700"><subfield code="a">Maysenholder, Rolf</subfield></datafield><datafield ind1=" " ind2=" " tag="852"><subfield code="a">17750</subfield></datafield><datafield ind1=" " ind2=" " tag="CAT"><subfield code="a">SYS</subfield><subfield code="c">20170127</subfield><subfield code="h">202312</subfield></datafield></record></collection>